<?xml version="1.0" encoding="UTF-8"?><collection xmlns="http://www.loc.gov/MARC21/slim"><record><leader>00553nam--2200169-i-4500</leader><controlfield tag="001">000009901</controlfield><controlfield tag="002">20161230</controlfield><controlfield tag="005">20170107162607</controlfield><controlfield tag="008">060222s1000------------r-----000-0-eng-d</controlfield><datafield ind1=" " ind2=" " tag="040"><subfield code="a">IFIN-HH</subfield></datafield><datafield ind1=" " ind2=" " tag="080"><subfield code="a">539.172.3:539.2</subfield></datafield><datafield ind1="1" ind2=" " tag="100"><subfield code="a">Dezsi, I</subfield></datafield><datafield ind1="1" ind2="0" tag="245"><subfield code="a">Application of the mossbauer effect</subfield><subfield code="b">Proceedings of the Conference on theAapplication of the Mossbauer Effect Tihany (Hungary) 17th-21st June, 1969</subfield><subfield code="c">I. Dezsi (ed.)</subfield></datafield><datafield ind1=" " ind2=" " tag="260"><subfield code="a">Budapest</subfield><subfield code="b">Akad©♭miai Kiad©đ</subfield><subfield code="c">1971</subfield></datafield><datafield ind1=" " ind2=" " tag="300"><subfield code="a">803 p</subfield></datafield><datafield ind1=" " ind2=" " tag="852"><subfield code="a">35906</subfield><subfield code="c">539.163.2</subfield></datafield><datafield ind1=" " ind2=" " tag="CAT"><subfield code="a">SYS</subfield><subfield code="c">20170107</subfield><subfield code="h">162607</subfield></datafield></record></collection>